% citing a book (not much of a difference between these three, mainly auto
% generated by google scholar!

@incollection{anderie2018gamification,
  title={Gamification, Digitalisierung und Industrie 4.0: Gesellschaft und Unternehmensf{\"u}hrung im Umbruch},
  author={Anderie, Lutz},
  booktitle={Gamification, Digitalisierung und Industrie 4.0},
  year={2018},
  publisher={Springer}
}

@inproceedings{deterding2011game,
  title={From game design elements to gamefulness: defining" gamification"},
  author={Deterding, Sebastian and Dixon, Dan and Khaled, Rilla and Nacke, Lennart},
  booktitle={Proceedings of the 15th international academic MindTrek conference: Envisioning future media environments},
  pages={9--15},
  year={2011}
}

@book{rigby2011glued,
  title={Glued to games: How video games draw us in and hold us spellbound: How video games draw us in and hold us spellbound},
  author={Rigby, Scott and Ryan, Richard M},
  year={2011},
  publisher={AbC-CLIo}
}


% cite a website
@misc{SAP,
  author       = {SAP},
  title        = {SAP Cloud Platform Gamification},
  year         = {2020},
  url ={https://help.sap.com/viewer/product/GAMIFICATION/Cloud/en-US},
  urldate = {2020-08-17}
}

% cite a website with multiple authors (use keyword "and" between each author)

@misc{Stef12,
  author       = {Stefan Bernütz and Anastasia Hermann and Maria Popova and Reimar Müller-Thum and Boris Weiss and Niklas Wilke},
  title        = {Videogames in Deutschland},
  year         = {2012},
  url ={https://www.pwc.de/de/technologie-medien-und-telekommunikation/assets/videogames-in-deutschland-2012.pdf},
  urldate = {2020-08-28}
}

% force bibtex to not shorten the author's name. This is useful for
% company names. (double "{" )
@misc{patente,
  author       = {{IPlytics GmbH}},
  title        = {Anzahl der VR-/AR-Patente der führenden Unternehmen weltweit 2019},
  year         = {2019},
  url ={https://de.statista.com/statistik/daten/studie/966947/umfrage/anzahl-der-vr-ar-patente-der-fuehrenden-unternehmen-weltweit/#professional},
  urldate = {2020-08-20}
}

% cite an article. Again, not much of a difference, auto generated by
% google scholar. This includes the extracted pages and the journal it was
% published
@article{deci2010intrinsic,
  title={Intrinsic motivation},
  author={Deci, Edward L and Ryan, Richard M},
  journal={The corsini encyclopedia of psychology},
  pages={1--2},
  year={2010},
  publisher={Wiley Online Library}
}

