@incollection{anderie2018gamification,
  title={Gamification, Digitalisierung und Industrie 4.0: Gesellschaft und Unternehmensf{\"u}hrung im Umbruch},
  author={Anderie, Lutz},
  booktitle={Gamification, Digitalisierung und Industrie 4.0},
  year={2018},
  publisher={Springer}
}

@misc{Stef12,
  author       = {Stefan Bernütz and Anastasia Hermann and Maria Popova and Reimar Müller-Thum and Boris Weiss and Niklas Wilke},
  title        = {Videogames in Deutschland},
  year         = {2012},
  url ={https://www.pwc.de/de/technologie-medien-und-telekommunikation/assets/videogames-in-deutschland-2012.pdf},
  urldate = {2020-08-28}
}